;;; -*- eval: (bibtex-set-dialect 'biblatex); -*-
@InProceedings{amalvy-2024-charnet_errors,
  author       = {Amalvy, A. and Labatut, V. and Dufour, R.},
  title	       = {The Role of Natural Language Processing Tasks in
                  Automatic Literary Character Network Construction},
  booktitle      = {31st International Conference on Computational Linguistics (COLING) (to appear)},
  year	       = {2024},
}

@TechReport{amalvy-2024-novelties_ner,
    author = {Amalvy, A. and Labatut, V.},
    title = {Annotation Guidelines for Corpus Novelties: Part 1 –- Named Entity Recognition},
    institution = {Avignon Université},
    year = {2024},
    url = {https://hal.science/hal-04715338},
}

@TechReport{amalvy-2024-novelties_ar,
    author = {Amalvy, A. and Labatut, V.},
    title = {Annotation Guidelines for Corpus Novelties: Part 2 –- Alias Resolution},
    institution = {Avignon Université},
    year = {2024},
    url = {https://hal.science/hal-04715341},
}

@InProceedings{amalvy-2024-lorenzaccio,
  title	       = {Dynamique des relations dans Lorenzaccio :
                  modélisation par réseaux complexes (Relationships Dynamics in Lorenzaccio: Modeling through Complex Networks)},
  author       = {Amalvy, A. and Diassinous, N. and Labatut, V.},
  year	       = {2024},
  booktitle    = {Journées d'Informatique Théâtrale},
  url          = {https://ictt.univ-avignon.fr/jit2024en/}
}

@Article{amalvy-2024-got,
  author       = {Amalvy, A. and Janickyj, M. and Mannion, S. and
                  MacCarron, P. and Labatut, V.},
  title	       = {Interconnected Kingdoms: Comparing 'A Song of Ice
                  and Fire' Adaptations Across Media Using Complex
                  Networks},
  journal      = {Social Network Analysis and Mining (SNAM)},
  year	       = {2024},
  doi          = {10.1007/s13278-024-01365-z},
}

@Article{amalvy-2024-renard,
  doi	       = {10.21105/joss.06574},
  year	       = {2024},
  publisher    = {The Open Journal},
  volume       = {9},
  number       = {98},
  pages	       = {6574},
  author       = {Amalvy, A. and Labatut, V. and Dufour, R.},
  title	       = {Renard: A Modular Pipeline for Extracting Character
                  Networks from Narrative Texts},
  journal      = {Journal of Open Source Software (JOSS)},
}

@InProceedings{amalvy-2023-learning_to_rank,
  title	       = {Learning to Rank Context for Named Entity
  Recognition Using a Synthetic Dataset},
  author       = {Amalvy, A. and Labatut, V. and Dufour, R.},
  booktitle    = {2023 Conference on Empirical Methods in Natural
  Language Processing (EMNLP)},
  year	       = {2023},
  doi	       = {10.18653/v1/2023.emnlp-main.642},
  pages	       = {10372-10382},
}

@InProceedings{amalvy-2023-context_ner,
  title	       = {The Role of Global and Local Context in Named Entity
                  Recognition},
  author       = {Amalvy, A. and Labatut, V. and Dufour, R.},
  year	       = {2023},
  booktitle    = {61st Annual Meeting of the Association for
                  Computational Linguistics (ACL)},
  doi	       = {10.18653/v1/2023.acl-short.62},
}

@InProceedings{amalvy-2022-remplacement_mentions_ner,
  author       = {Amalvy, A. and Labatut, V. and Dufour, R.},
  title	       = {Remplacement de mentions pour l'adaptation d'un
                  corpus de reconnaissance d'entités nommées à un
                  domaine cible},
  booktitle    = {29e Conférence sur le Traitement Automatique des
                  Langues Naturelles (TALN)},
  volume       = {1},
  year	       = {2022},
  pages	       = {197-204},
  url	       =
                  {http://talnarchives.atala.org/TALN/TALN-2022/8782.pdf},
}

@InProceedings{amalvy-2022-data_aug,
  title	       = {{Data Augmentation for Robust Character Detection in
                  Fantasy Novels}},
  author       = {Amalvy, A. and Labatut, V. and Dufour, R.},
  url	       = {https://ceur-ws.org/Vol-3602/paper2.pdf},
  booktitle    = {Workshop on Computational Methods in the Humanities
                  (COMHUM)},
  year	       = {2022},
  pages	       = {23–32},
}

@MastersThesis{amalvy-2020-character_networks,
  author       = {Amalvy, A.},
  title	       = {Natural Language Processing applied to Interactive
                  Character Relationships Visualization in Novels},
  url 	       = {https://cloud.klmp200.net/index.php/s/f7YRqcW9oAwwLKd},
  school       = {National Central University},
  year	       = {2020},
}
